@article{inagaki,
author="稲垣 佳世子 and 波多野 誼余夫",
title="認知的観察における内発的動機づけ",
journal="The Japanese Journal of Educational Psychology",
ISSN="00215015",
publisher="The Japanese Association of Educational Psychology",
year="1968",
volume="16",
number="4",
pages="191-202,251",
DOI="10.5926/jjep1953.16.4_191",
URL="https://cir.nii.ac.jp/crid/1390001205460299904"
}

@book{TCP/IP,
author="竹下 隆史 and 村山 公保, 荒井 透 and 苅田 幸雄",
title="マスタリングTCP/IP　入門編第5版",
publisher="オーム社",
year="2015",
pages="",
}

@article{suzuki,
author="鈴木 栄幸 and 舟生 日出男 and 久保田 善彦",
title="個人活動とグループ活動間の往復を可能にするタブレット型思考支援ツールの開発(教育システム開発論文,<特集>1人1台端末時代の学習環境と学習支援)",
journal="日本教育工学会論文誌",
ISSN="13498290",
publisher="日本教育工学会",
year="2014",
volume="38",
number="3",
pages="225-240",
DOI="10.15077/jjet.kj00009649926",
URL="https://cir.nii.ac.jp/crid/1390001205228969600"
}